<?xml version="1.0" encoding="UTF-8"?>
<record>
  <leader>01121nam#a2200373#cb4500</leader>
  <controlfield tag="005">20220307132600.0</controlfield>
  <controlfield tag="007">tu</controlfield>
  <controlfield tag="008">980615|1974####gw#######u####|||#|#ger#c</controlfield>
  <controlfield tag="003">DE-605</controlfield>
  <controlfield tag="001">990059571560206441</controlfield>
  <datafield tag="016" ind1="7" ind2=" ">
    <subfield code="a">916023707</subfield>
    <subfield code="2">OCoLC</subfield>
  </datafield>
  <datafield tag="020" ind1=" " ind2=" ">
    <subfield code="a">3410104356</subfield>
    <subfield code="9">3-410-10435-6</subfield>
  </datafield>
  <datafield tag="035" ind1=" " ind2=" ">
    <subfield code="a">(DE-605)HT001039253</subfield>
  </datafield>
  <datafield tag="040" ind1=" " ind2=" ">
    <subfield code="c">DE-605</subfield>
    <subfield code="a">832</subfield>
    <subfield code="b">ger</subfield>
    <subfield code="d">5</subfield>
    <subfield code="e">rakwb</subfield>
    <subfield code="d">DE-605</subfield>
  </datafield>
  <datafield tag="041" ind1=" " ind2=" ">
    <subfield code="a">ger</subfield>
  </datafield>
  <datafield tag="044" ind1=" " ind2=" ">
    <subfield code="c">XA-DE</subfield>
  </datafield>
  <datafield tag="245" ind1="0" ind2="0">
    <subfield code="a">Federnnormen</subfield>
    <subfield code="c">hrsg. vom Dt. Normenausschuss (DNA)</subfield>
  </datafield>
  <datafield tag="250" ind1=" " ind2=" ">
    <subfield code="a">2., geänd. Aufl., Stand d.abgedr. Normen: Januar 1974</subfield>
  </datafield>
  <datafield tag="264" ind1=" " ind2="1">
    <subfield code="a">Berlin [u.a.]</subfield>
    <subfield code="b">Beuth</subfield>
    <subfield code="c">1974</subfield>
  </datafield>
  <datafield tag="300" ind1=" " ind2=" ">
    <subfield code="a">226 S. : graph. Darst.</subfield>
  </datafield>
  <datafield tag="336" ind1=" " ind2=" ">
    <subfield code="b">txt</subfield>
  </datafield>
  <datafield tag="337" ind1=" " ind2=" ">
    <subfield code="b">n</subfield>
  </datafield>
  <datafield tag="338" ind1=" " ind2=" ">
    <subfield code="b">nc</subfield>
  </datafield>
  <datafield tag="490" ind1="1" ind2=" ">
    <subfield code="a">DIN-Taschenbuch</subfield>
    <subfield code="v">29</subfield>
  </datafield>
  <datafield tag="689" ind1="0" ind2="0">
    <subfield code="a">Feder</subfield>
    <subfield code="D">s</subfield>
    <subfield code="0">(DE-588)4016583-8</subfield>
    <subfield code="0">https://portal.dnb.de/opac.htm?method=simpleSearch&amp;cqlMode=true&amp;query=idn=040165833</subfield>
    <subfield code="0">http://viaf.org/viaf/sourceID/DNB|040165833</subfield>
    <subfield code="B">GND-040165833</subfield>
  </datafield>
  <datafield tag="689" ind1="0" ind2="1">
    <subfield code="a">Norm</subfield>
    <subfield code="D">s</subfield>
    <subfield code="0">(DE-588)4419668-4</subfield>
    <subfield code="0">https://portal.dnb.de/opac.htm?method=simpleSearch&amp;cqlMode=true&amp;query=idn=94827171X</subfield>
    <subfield code="0">http://viaf.org/viaf/sourceID/DNB|94827171X</subfield>
    <subfield code="B">GND-94827171X</subfield>
  </datafield>
  <datafield tag="830" ind1=" " ind2="0">
    <subfield code="a">DIN-Taschenbuch</subfield>
    <subfield code="w">(DE-605)HT002156469</subfield>
    <subfield code="v">29</subfield>
    <subfield code="9">O:1</subfield>
  </datafield>
  <datafield tag="960" ind1="1" ind2=" ">
    <subfield code="o">retro</subfield>
  </datafield>
  <datafield tag="964" ind1="0" ind2="s">
    <subfield code="F">051</subfield>
    <subfield code="A">sn||||||</subfield>
  </datafield>
  <datafield tag="964" ind1="0" ind2="s">
    <subfield code="F">030</subfield>
    <subfield code="A">a|1uc||||||37</subfield>
  </datafield>
  <datafield tag="964" ind1="0" ind2="s">
    <subfield code="F">050</subfield>
    <subfield code="A">a|||||||||||||</subfield>
  </datafield>
  <datafield tag="035" ind1=" " ind2=" ">
    <subfield code="a">(OCoLC)916023707</subfield>
  </datafield>
  <datafield tag="035" ind1=" " ind2=" ">
    <subfield code="a">(DE-599)HBZHT001039253</subfield>
  </datafield>
  <datafield tag="710" ind1="2" ind2=" ">
    <subfield code="a">Deutscher Normenausschuß</subfield>
    <subfield code="0">(DE-588)41115-2</subfield>
    <subfield code="4">oth</subfield>
    <subfield code="0">https://portal.dnb.de/opac.htm?method=simpleSearch&amp;cqlMode=true&amp;query=idn=000411159</subfield>
    <subfield code="0">http://viaf.org/viaf/sourceID/DNB|000411159</subfield>
    <subfield code="B">GND-000411159</subfield>
  </datafield>
  <datafield tag="583" ind1="1" ind2=" ">
    <subfield code="a">Archivierung/Langzeitarchivierung gewährleistet</subfield>
    <subfield code="c">2022</subfield>
    <subfield code="f">PENW</subfield>
    <subfield code="5">DE-5</subfield>
  </datafield>
  <datafield tag="MBD" ind1=" " ind2=" ">
    <subfield code="M">49HBZ_NETWORK</subfield>
    <subfield code="i">990059571560206441</subfield>
    <subfield code="n">HBZ Network</subfield>
  </datafield>
  <datafield tag="MBD" ind1=" " ind2=" ">
    <subfield code="M">49HBZ_BRIDGE_HBT</subfield>
    <subfield code="i">9912496907820</subfield>
    <subfield code="n">Bibliothek der Hochschule Trier</subfield>
  </datafield>
  <datafield tag="MBD" ind1=" " ind2=" ">
    <subfield code="M">49HBZ_BRIDGE_FIZ</subfield>
    <subfield code="i">9985782307816</subfield>
    <subfield code="n">Bibliotheken ohne zentrale Katalogisierung</subfield>
  </datafield>
  <datafield tag="MBD" ind1=" " ind2=" ">
    <subfield code="M">49HBZ_UBA</subfield>
    <subfield code="i">991004569639706448</subfield>
    <subfield code="n">RWTH Aachen</subfield>
  </datafield>
  <datafield tag="MBD" ind1=" " ind2=" ">
    <subfield code="M">49HBZ_THK</subfield>
    <subfield code="i">991006858529706477</subfield>
    <subfield code="n">Technische Hochschule Köln (TH Köln)</subfield>
  </datafield>
  <datafield tag="MBD" ind1=" " ind2=" ">
    <subfield code="M">49HBZ_ULB</subfield>
    <subfield code="i">991001427279706467</subfield>
    <subfield code="n">Universitaet Bonn</subfield>
  </datafield>
  <datafield tag="MBD" ind1=" " ind2=" ">
    <subfield code="M">49HBZ_UBO</subfield>
    <subfield code="i">991010891279706471</subfield>
    <subfield code="n">Universität Bochum</subfield>
  </datafield>
  <datafield tag="MNG" ind1=" " ind2=" ">
    <subfield code="c">System</subfield>
    <subfield code="f">HBZ</subfield>
    <subfield code="i">marc21</subfield>
    <subfield code="h">20220307132600.0</subfield>
    <subfield code="k">01</subfield>
    <subfield code="e">false</subfield>
    <subfield code="d">2023-04-03 07:10:55 Europe/Berlin</subfield>
    <subfield code="g">005957156-HBZ01</subfield>
    <subfield code="j">60</subfield>
    <subfield code="a">import</subfield>
    <subfield code="b">2021-04-05 12:57:43 Europe/Berlin</subfield>
  </datafield>
  <datafield tag="H52" ind1="0" ind2=" ">
    <subfield code="b">T0012</subfield>
    <subfield code="c">00000000</subfield>
    <subfield code="h">N 20/0001,Bd29,1974</subfield>
    <subfield code="8">224944520007820</subfield>
  </datafield>
  <datafield tag="HOL" ind1=" " ind2=" ">
    <subfield code="d">2023-02-12 01:38:13</subfield>
    <subfield code="8">224944520007820</subfield>
    <subfield code="b">2023-02-12 01:38:13</subfield>
    <subfield code="M">49HBZ_BRIDGE_HBT</subfield>
    <subfield code="g">false</subfield>
    <subfield code="a">System</subfield>
    <subfield code="c">System</subfield>
  </datafield>
  <datafield tag="ITM" ind1=" " ind2=" ">
    <subfield code="H">224944520007820</subfield>
    <subfield code="x">00000000</subfield>
    <subfield code="f">BOOK</subfield>
    <subfield code="v">00000000</subfield>
    <subfield code="p">04</subfield>
    <subfield code="X">System</subfield>
    <subfield code="Y">2007-10-27 02:00:00 Europe/Berlin</subfield>
    <subfield code="n">N 20/0001,Bd29,1974</subfield>
    <subfield code="M">49HBZ_BRIDGE_HBT</subfield>
    <subfield code="s">1</subfield>
    <subfield code="d">0</subfield>
    <subfield code="V">System</subfield>
    <subfield code="b">046906</subfield>
    <subfield code="a">234944500007820</subfield>
    <subfield code="c">N 20/0001,Bd29,1974</subfield>
    <subfield code="W">2023-02-12 02:38:13 Europe/Berlin</subfield>
    <subfield code="u">T0012</subfield>
    <subfield code="w">T0012</subfield>
  </datafield>
  <datafield tag="H52" ind1="0" ind2=" ">
    <subfield code="b">Z9007</subfield>
    <subfield code="c">UNASSIGNED</subfield>
    <subfield code="8">2229557540007816</subfield>
  </datafield>
  <datafield tag="HOL" ind1=" " ind2=" ">
    <subfield code="d">2023-02-12 01:38:30</subfield>
    <subfield code="8">2229557540007816</subfield>
    <subfield code="b">2023-02-12 01:38:30</subfield>
    <subfield code="M">49HBZ_BRIDGE_FIZ</subfield>
    <subfield code="g">false</subfield>
    <subfield code="a">System</subfield>
    <subfield code="c">System</subfield>
  </datafield>
  <datafield tag="H52" ind1="0" ind2=" ">
    <subfield code="b">Z9030</subfield>
    <subfield code="c">UNASSIGNED</subfield>
    <subfield code="8">2229557610007816</subfield>
  </datafield>
  <datafield tag="HOL" ind1=" " ind2=" ">
    <subfield code="d">2023-02-12 01:38:29</subfield>
    <subfield code="8">2229557610007816</subfield>
    <subfield code="b">2023-02-12 01:38:29</subfield>
    <subfield code="M">49HBZ_BRIDGE_FIZ</subfield>
    <subfield code="g">false</subfield>
    <subfield code="a">System</subfield>
    <subfield code="c">System</subfield>
  </datafield>
  <datafield tag="H52" ind1="0" ind2=" ">
    <subfield code="b">Z9031</subfield>
    <subfield code="c">UNASSIGNED</subfield>
    <subfield code="8">2229557570007816</subfield>
  </datafield>
  <datafield tag="HOL" ind1=" " ind2=" ">
    <subfield code="d">2023-02-12 01:38:29</subfield>
    <subfield code="8">2229557570007816</subfield>
    <subfield code="b">2023-02-12 01:38:29</subfield>
    <subfield code="M">49HBZ_BRIDGE_FIZ</subfield>
    <subfield code="g">false</subfield>
    <subfield code="a">System</subfield>
    <subfield code="c">System</subfield>
  </datafield>
  <datafield tag="H52" ind1="8" ind2=" ">
    <subfield code="b">ZB</subfield>
    <subfield code="c">MAGAZIN_2</subfield>
    <subfield code="8">22246474350006448</subfield>
  </datafield>
  <datafield tag="HOL" ind1=" " ind2=" ">
    <subfield code="b">2022-07-20 22:23:53</subfield>
    <subfield code="8">22246474350006448</subfield>
    <subfield code="M">49HBZ_UBA</subfield>
    <subfield code="g">false</subfield>
    <subfield code="a">import</subfield>
  </datafield>
  <datafield tag="ITM" ind1=" " ind2=" ">
    <subfield code="H">22246474350006448</subfield>
    <subfield code="x">MAGAZIN_2</subfield>
    <subfield code="f">BOOK</subfield>
    <subfield code="v">MAGAZIN_2</subfield>
    <subfield code="p">Standard</subfield>
    <subfield code="X">System</subfield>
    <subfield code="U">2022-07-20 12:59:00 Europe/Berlin</subfield>
    <subfield code="Y">2022-07-21 00:24:38 Europe/Berlin</subfield>
    <subfield code="h">false</subfield>
    <subfield code="n">FK162-29+2</subfield>
    <subfield code="G">1</subfield>
    <subfield code="M">49HBZ_UBA</subfield>
    <subfield code="s">1</subfield>
    <subfield code="d">8</subfield>
    <subfield code="V">import</subfield>
    <subfield code="L">Magazinetage: 0</subfield>
    <subfield code="b">FK162-29+2</subfield>
    <subfield code="O">Ausleihzähler Migrationsjahr: 0 | Ausleihzähler Vor-Migrationsjahr: 0 | Ausleihzähler vorletztes Migrationsjahr: 0 | Vormerkzähler Migrationsjahr: 0</subfield>
    <subfield code="N">Fernleihkonditionen: 0</subfield>
    <subfield code="a">23246474340006448</subfield>
    <subfield code="t">8</subfield>
    <subfield code="W">2022-07-21 00:23:53 Europe/Berlin</subfield>
    <subfield code="u">ZB</subfield>
    <subfield code="w">ZB</subfield>
  </datafield>
  <datafield tag="H52" ind1="8" ind2=" ">
    <subfield code="b">DEUTZ</subfield>
    <subfield code="c">33</subfield>
    <subfield code="h">WBT1003(2)-29</subfield>
    <subfield code="8">2249652980006477</subfield>
  </datafield>
  <datafield tag="HOL" ind1=" " ind2=" ">
    <subfield code="b">2023-08-17 20:06:43</subfield>
    <subfield code="8">2249652980006477</subfield>
    <subfield code="M">49HBZ_THK</subfield>
    <subfield code="g">false</subfield>
    <subfield code="a">import</subfield>
  </datafield>
  <datafield tag="ITM" ind1=" " ind2=" ">
    <subfield code="H">2249652980006477</subfield>
    <subfield code="x">33</subfield>
    <subfield code="f">BOOK</subfield>
    <subfield code="v">33</subfield>
    <subfield code="X">AMO_CO_FIX</subfield>
    <subfield code="U">2023-08-16 12:59:00 Europe/Berlin</subfield>
    <subfield code="Y">2023-08-17 19:40:06 Europe/Berlin</subfield>
    <subfield code="h">false</subfield>
    <subfield code="n">33WBT1003(2)-29</subfield>
    <subfield code="P">Notation: WBT</subfield>
    <subfield code="G">1</subfield>
    <subfield code="M">49HBZ_THK</subfield>
    <subfield code="s">1</subfield>
    <subfield code="d">8</subfield>
    <subfield code="V">import</subfield>
    <subfield code="L">HBZ01: HT001039253</subfield>
    <subfield code="b">33WBT1003(2)-29</subfield>
    <subfield code="O">SISIS-Ausleihzähler Migrationsjahr: 0 | SISIS-Ausleihzähler Vor-Migrationsjahr: 0 | SISIS-Ausleihzähler vorletztes Migrationsjahr: 0 | SISIS-Vormerkzähler Migrationsjahr: 0</subfield>
    <subfield code="a">2349652950006477</subfield>
    <subfield code="c">WBT1003(2)-29</subfield>
    <subfield code="W">2023-08-17 22:06:43 Europe/Berlin</subfield>
    <subfield code="u">DEUTZ</subfield>
    <subfield code="w">DEUTZ</subfield>
  </datafield>
  <datafield tag="H52" ind1="#" ind2=" ">
    <subfield code="b">0</subfield>
    <subfield code="c">0-Mag</subfield>
    <subfield code="h">51/964 (29) +2</subfield>
    <subfield code="8">22257517770006467</subfield>
  </datafield>
  <datafield tag="HOL" ind1=" " ind2=" ">
    <subfield code="b">2023-07-24 08:44:22</subfield>
    <subfield code="8">22257517770006467</subfield>
    <subfield code="M">49HBZ_ULB</subfield>
    <subfield code="g">false</subfield>
    <subfield code="a">import</subfield>
  </datafield>
  <datafield tag="ITM" ind1=" " ind2=" ">
    <subfield code="H">22257517770006467</subfield>
    <subfield code="x">0-Mag</subfield>
    <subfield code="f">BOOK</subfield>
    <subfield code="v">0-Mag</subfield>
    <subfield code="X">AMO_TL2_FIX</subfield>
    <subfield code="U">2023-07-23 12:59:00 Europe/Berlin</subfield>
    <subfield code="Y">2023-07-25 08:01:39 Europe/Berlin</subfield>
    <subfield code="h">false</subfield>
    <subfield code="n">51/964 (29) +2</subfield>
    <subfield code="G">1</subfield>
    <subfield code="M">49HBZ_ULB</subfield>
    <subfield code="s">1</subfield>
    <subfield code="d">#</subfield>
    <subfield code="V">import</subfield>
    <subfield code="L">PEBN</subfield>
    <subfield code="b">51/964(29)+2</subfield>
    <subfield code="O">SISIS-Ausleihzähler Migrationsjahr: 0 | SISIS-Ausleihzähler Vor-Migrationsjahr: 0 | SISIS-Ausleihzähler vorletztes Migrationsjahr: 0 | SISIS-Vormerkzähler Migrationsjahr: 0</subfield>
    <subfield code="N">SISIS-ULBSystematik: 0 | SISIS-Magazindrucker: 0 | SISIS-Fernleihkonditionen: 0 | SISIS-Medientyp: 0 | Sigel: 5 | SISIS-Entleihbarkeit: S | SISIS-Zweigstelle: 0</subfield>
    <subfield code="a">23257517760006467</subfield>
    <subfield code="c">51/964 (29) +2</subfield>
    <subfield code="W">2023-07-24 10:44:22 Europe/Berlin</subfield>
    <subfield code="u">0</subfield>
    <subfield code="w">0</subfield>
  </datafield>
  <datafield tag="H52" ind1="8" ind2=" ">
    <subfield code="b">UB</subfield>
    <subfield code="c">UB_G3/B4</subfield>
    <subfield code="h">WFA228-29:2</subfield>
    <subfield code="8">22129320150006471</subfield>
  </datafield>
  <datafield tag="HOL" ind1=" " ind2=" ">
    <subfield code="b">2023-07-30 16:00:20</subfield>
    <subfield code="8">22129320150006471</subfield>
    <subfield code="M">49HBZ_UBO</subfield>
    <subfield code="g">false</subfield>
    <subfield code="a">import</subfield>
  </datafield>
  <datafield tag="ITM" ind1=" " ind2=" ">
    <subfield code="H">22129320150006471</subfield>
    <subfield code="x">UB_G3/B4</subfield>
    <subfield code="f">BOOK</subfield>
    <subfield code="v">UB_G3/B4</subfield>
    <subfield code="p">S</subfield>
    <subfield code="X">AMO_TL2_FIX</subfield>
    <subfield code="U">2023-07-30 12:59:00 Europe/Berlin</subfield>
    <subfield code="Y">2023-07-31 18:08:30 Europe/Berlin</subfield>
    <subfield code="h">false</subfield>
    <subfield code="n">WFA228-29:2</subfield>
    <subfield code="G">1</subfield>
    <subfield code="M">49HBZ_UBO</subfield>
    <subfield code="s">1</subfield>
    <subfield code="d">8</subfield>
    <subfield code="V">import</subfield>
    <subfield code="L">HBZ01: HT001039253 | Anzahl  Beilagen: 1</subfield>
    <subfield code="b">WFA228-29:2</subfield>
    <subfield code="O">SISIS-Vormerkzähler Migrationsjahr: 0 | SISIS-Buchdaten-Aufnahmedatum: 2008-05-22</subfield>
    <subfield code="N">Sigel: 294 | Klassifikation: 3301 | SISIS-Ausleihzähler Migrationsjahr: 0</subfield>
    <subfield code="a">23129320140006471</subfield>
    <subfield code="c">WFA228-29:2</subfield>
    <subfield code="W">2023-07-30 18:00:20 Europe/Berlin</subfield>
    <subfield code="u">UB</subfield>
    <subfield code="w">UB</subfield>
  </datafield>
  <datafield tag="GKT" ind1="2" ind2=" ">
    <subfield code="a">Normenausschuß</subfield>
    <subfield code="g">Deutschland, Bundesrepublik</subfield>
    <subfield code="A">GND</subfield>
    <subfield code="B">GND-000411159</subfield>
    <subfield code="C">410</subfield>
  </datafield>
  <datafield tag="GKT" ind1="2" ind2=" ">
    <subfield code="a">Deutscher Normenausschuß e.V.</subfield>
    <subfield code="4">nauv</subfield>
    <subfield code="4">https://d-nb.info/standards/elementset/gnd#variantName</subfield>
    <subfield code="w">r</subfield>
    <subfield code="i">Unveraenderte Form</subfield>
    <subfield code="e">Unveraenderte Form</subfield>
    <subfield code="A">GND</subfield>
    <subfield code="B">GND-000411159</subfield>
    <subfield code="C">410</subfield>
  </datafield>
  <datafield tag="GKT" ind1="2" ind2=" ">
    <subfield code="a">DNA</subfield>
    <subfield code="4">abku</subfield>
    <subfield code="4">https://d-nb.info/standards/elementset/gnd#abbreviatedNameForTheCorporateBody</subfield>
    <subfield code="w">r</subfield>
    <subfield code="i">Abkuerzung</subfield>
    <subfield code="e">Abkuerzung</subfield>
    <subfield code="A">GND</subfield>
    <subfield code="B">GND-000411159</subfield>
    <subfield code="C">410</subfield>
  </datafield>
  <datafield tag="GKT" ind1="2" ind2=" ">
    <subfield code="a">D.N.A.</subfield>
    <subfield code="4">abku</subfield>
    <subfield code="4">https://d-nb.info/standards/elementset/gnd#abbreviatedNameForTheCorporateBody</subfield>
    <subfield code="w">r</subfield>
    <subfield code="i">Abkuerzung</subfield>
    <subfield code="e">Abkuerzung</subfield>
    <subfield code="A">GND</subfield>
    <subfield code="B">GND-000411159</subfield>
    <subfield code="C">410</subfield>
  </datafield>
  <datafield tag="GSI" ind1="7" ind2=" ">
    <subfield code="a">41115-2</subfield>
    <subfield code="0">http://d-nb.info/gnd/41115-2</subfield>
    <subfield code="2">gnd</subfield>
    <subfield code="A">GND</subfield>
    <subfield code="B">GND-000411159</subfield>
    <subfield code="C">024</subfield>
  </datafield>
  <datafield tag="GST" ind1=" " ind2=" ">
    <subfield code="a">Normschrift</subfield>
    <subfield code="g">Norm</subfield>
    <subfield code="A">GND</subfield>
    <subfield code="B">GND-94827171X</subfield>
    <subfield code="C">450</subfield>
  </datafield>
  <datafield tag="GSI" ind1="7" ind2=" ">
    <subfield code="a">4419668-4</subfield>
    <subfield code="0">http://d-nb.info/gnd/4419668-4</subfield>
    <subfield code="2">gnd</subfield>
    <subfield code="A">GND</subfield>
    <subfield code="B">GND-94827171X</subfield>
    <subfield code="C">024</subfield>
  </datafield>
  <datafield tag="GST" ind1=" " ind2=" ">
    <subfield code="a">Metallfeder</subfield>
    <subfield code="9">v:Quasisynonym</subfield>
    <subfield code="A">GND</subfield>
    <subfield code="B">GND-040165833</subfield>
    <subfield code="C">450</subfield>
  </datafield>
  <datafield tag="GSI" ind1="7" ind2=" ">
    <subfield code="a">4016583-8</subfield>
    <subfield code="0">http://d-nb.info/gnd/4016583-8</subfield>
    <subfield code="2">gnd</subfield>
    <subfield code="A">GND</subfield>
    <subfield code="B">GND-040165833</subfield>
    <subfield code="C">024</subfield>
  </datafield>
</record>
